====================================================================================================
 Programação de Microcontroladores Utilizando Técnicas de Tolerância a Falhas
====================================================================================================
 Dissertação de Mestrado
----------------------------------------------------------------------------------------------------
 Autor				: Kleber Kruger
 Orientador		: Fábio Iaione
 Instituição 		: UFMS - Universidade Federal do Mato Grosso do Sul
 Departamento		: FACOM - Faculdade de Computação UFMS
----------------------------------------------------------------------------------------------------
 Arquivo			: bibliografia.bib
 Data de criação	: 18 de Junho de 2014
====================================================================================================

====================================================================================================
 Books
----------------------------------------------------------------------------------------------------
@book{Anderson:1981, 
	author 			= {Anderson, T. and Lee, P.A.}, 
	isbn 			= {9780133082548}, 
	lccn 			= {80029619}, 
	publisher 		= {Prentice/Hall International}, 
	title 			= {Fault tolerance, principles and practice}, 
	url 			= {http://books.google.com.br/books?id=LtdQAAAAMAAJ}, 
	year 			= {1981},
}

@book{Ball:2002, 
	author 			= {Ball, Stuart}, 
	title 			= {Embedded Microprocessor Systems: Real World Design}, 
	year 			= {2002}, 
	isbn 			= {0750675349}, 
	edition 		= {3rd}, 
	publisher 		= {Butterworth-Heinemann}, 
	address 		= {Newton, MA, USA},
}

@book{Dubrova:2013, 
	author 			= {Dubrova, Elena}, 
	title 			= {Fault-Tolerant Design}, 
	pages 			= {xv + 185}, 
	year 			= {2013}, 
	publisher 		= {Berlin: Springer}, 
	language 		= {English}, 
	doi 			= {10.1007/978-1-4614-2113-9}, 
	isbn 			= {978-1-4614-2112-2/hbk; 978-1-4614-2113-9/ebook},  
	msc2010 		= {68-01 68M15 68N30 94C05}, 
	zbl 			= {1261.68001},
}

@book{Kurose:2009, 
	author 			= {Kurose, James F. and Ross, Keith W.}, 
	title 			= {Computer Networking: A Top-Down Approach}, 
	year 			= {2009}, 
	isbn 			= {0136079679, 9780136079675}, 
	edition 		= {5th}, 
	publisher 		= {Addison-Wesley Publishing Company}, 
	address 		= {USA},
}

@book{Marwedel:2006, 
	author 			= {Marwedel, P.}, 
	title 			= {Embedded System Design}, 
	year 			= {2006}, 
	isbn 			= {1402076908}, 
	publisher 		= {Springer-Verlag New York, Inc.}, 
	address 		= {Secaucus, NJ, USA},
}

@book{Patterson:2007, 
	author 			= {Patterson, David A. and Hennessy, John L.}, 
	title 			= {Computer Organization and Design: The Hardware/Software Interface}, 
	year 			= {2007}, 
	isbn 			= {0123706068, 9780123706065}, 
	edition 		= {3rd}, 
	publisher 		= {Morgan Kaufmann Publishers Inc.}, 
	address 		= {San Francisco, CA, USA},
}

@book{Pressman:2005, 
	author 			= {Pressman, Roger}, 
	title 			= {Software Engineering: A Practitioner's Approach}, 
	year 			= {2005}, 
	isbn 			= {0077227808, 9780077227807}, 
	edition 		= {6}, 
	publisher 		= {McGraw-Hill, Inc.}, 
	address 		= {New York, NY, USA},
} 

@book{Reis:2004, 
	author 			= {Reis, E.M.}, 
	pages 			= {103--135}, 
	publisher 		= {UPF EDITORA}, 
	timestamp 		= {2012.11.02}, 
	title 			= {Previs{\~a}o de doen{\c{c}}as de plantas}, 
	year 			= {2004},
}

@book{Schaumont:2010, 
	author 			= {Schaumont, Patrick R.}, 
	title 			= {A Practical Introduction to Hardware/Software Codesign}, 
	year 			= {2010}, 
	isbn 			= {1441959998, 9781441959997}, 
	edition 		= {1st}, 
	publisher 		= {Springer Publishing Company, Incorporated},
}

@book{Stallings:1999, 
	author 			= {Stallings, William}, 
	title 			= {Computer Organization and Architecture: Designing for Performance}, 
	year 			= {1999}, 
	isbn 			= {0130812943}, 
	edition 		= {5th}, 
	publisher 		= {Prentice Hall PTR}, 
	address 		= {Upper Saddle River, NJ, USA},
} 

@book{Taurion:2005, 
	address 		= {Rio de Janeiro}, 
	author 			= {Taurion, C.}, 
	publisher 		= {Brasport}, 
	timestamp 		= {2012.11.02}, 
	title 			= {Software embarcado: oportunidades e potencial de mercado}, 
	year 			= {2005},
}

@book{Koren:2007, 
	author 			= {Koren, Israel and Krishna, C. Mani}, 
	title 			= {Fault-Tolerant Systems}, 
	year 			= {2007}, 
	isbn 			= {0120885255, 9780080492681}, 
	publisher 		= {Morgan Kaufmann Publishers Inc.}, 
	address 		= {San Francisco, CA, USA},
}
----------------------------------------------------------------------------------------------------
@book{Pradhan:1996,
 editor 			= {Pradhan, Dhiraj K.},
 title 				= {Fault-tolerant Computer System Design},
 year 				= {1996},
 isbn 				= {0-13-057887-8},
 publisher 			= {Prentice-Hall, Inc.},
 address 			= {Upper Saddle River, NJ, USA},
} 
====================================================================================================

====================================================================================================
 Article
----------------------------------------------------------------------------------------------------
@article{Avizienis:1967, 
	title 			= {Design of Fault-Tolerant Computers}, 
	author 			= {Avizienis, A.}, 
	journal 		= {Fall Joint Computer Conference}, 
	volume 			= {31}, 
	pages 			= {733--743}, 
	year 			= {1967},
}

@article{Binder:1975, 
	author 			= {Binder, D. and Smith, E.C. and Holman, A. B.}, 
	journal 		= {Nuclear Science, IEEE Transactions on}, 
	title 			= {Satellite Anomalies from Galactic Cosmic Rays}, 
	year 			= {1975}, 
	month 			= {Dec}, 
	volume 			= {22}, 
	number 			= {6}, 
	pages 			= {2675-2680}, 
	doi 			= {10.1109/TNS.1975.4328188}, 
	ISSN 			= {0018-9499},
}

@article{Brilliant:1990, 
	address 		= {Piscataway, NJ, USA}, 
	author 			= {Brilliant, Susan S. and Knight, John C. and Leveson, Nancy G.}, 
	issn 			= {0098-5589}, 
	issue_date 		= {February 1990}, 
	journal 		= {IEEE Trans. Softw. Eng.}, 
	month 			= {feb}, 
	number 			= {2}, 
	numpages 		= {10}, 
	pages 			= {238--247}, 
	publisher 		= {IEEE Press}, 
	title 			= {Analysis of Faults in an N-Version Software Experiment}, 
	volume 			= {16}, 
	year 			= {1990},
}

@article{Chetan:2005, 
	author 			= {Shiva Chetan and Ranganathan, A and Campbell, R.}, 
	journal 		= {Technology and Society Magazine, IEEE}, 
	title 			= {Towards fault tolerance pervasive computing}, 
	year 			= {2005}, 
	month 			= {Spring}, 
	volume 			= {24}, 
	number 			= {1}, 
	pages 			= {38-44}, 
	doi 			= {10.1109/MTAS.2005.1407746}, 
	ISSN 			= {0278-0097},
}

@article{Delong:1996, 
	author 			= {Delong, Todd A. and Johnson, Barry W. and Profeta Iii, Joseph A.}, 
	title 			= {A Fault Injection Technique for VHDL Behavioral-Level Models}, 
	journal 		= {IEEE Des. Test}, 
	issue_date 		= {December 1996}, 
	volume 			= {13}, 
	number 			= {4}, 
	month 			= {dec}, 
	year 			= {1996}, 
	issn 			= {0740-7475}, 
	pages 			= {24--33}, 
	numpages 		= {10}, 
	url 			= {http://dx.doi.org/10.1109/54.544533}, 
	doi 			= {10.1109/54.544533}, 
	acmid 			= {622706}, 
	publisher 		= {IEEE Computer Society Press}, 
	address 		= {Los Alamitos, CA, USA}, 
	keywords 		= {Fault injection, error injection, behavioral-level modeling, simulation, VHDL},
}

@article{Ferrari:1995, 
	address 		= {Washington, DC, USA}, 
	author 			= {Kanawati, Ghani A. and Kanawati, Nasser A. and Abraham, Jacob A.}, 
	issue_date 		= {February 1995}, 
	journal 		= {IEEE Trans. Comput.}, 
	month 			= {feb}, 
	number 			= {2}, 
	numpages 		= {13}, 
	pages 			= {248--260}, 
	publisher 		= {IEEE Computer Society}, 
	title 			= {FERRARI: A Flexible Software-Based Fault and Error Injection System}, 
	volume	 		= {44}, 
	year 			= {1995},
}

@article{Fetzer:2003, 
	author 			= {Fetzer, Christof}, 
	title 			= {Perfect Failure Detection in Timed Asynchronous Systems}, 
	journal 		= {IEEE Trans. Comput.}, 
	issue_date 		= {February 2003}, 
	volume 			= {52}, 
	number 			= {2}, 
	month 			= {feb}, 
	year 			= {2003}, 
	issn 			= {0018-9340}, 
	pages 			= {99--112}, 
	numpages 		= {14}, 
	url 			= {http://dx.doi.org/10.1109/TC.2003.1176979}, 
	doi 			= {10.1109/TC.2003.1176979}, 
	acmid 			= {642780}, 
	publisher 		= {IEEE Computer Society}, 
	address 		= {Washington, DC, USA}, 
	keywords 		= {Perfect failure detection, crash failures, asynchronous distributed systems, timed asynchronous system model.},
}

@article{Hsueh:1997, 
	acmid 			= {620685}, 
	address 		= {Los Alamitos, CA, USA}, 
	author 			= {Hsueh, Mei-Chen and Tsai, Timothy K. and Iyer, Ravishankar K.}, 
	doi 			= {10.1109/2.585157}, 
	issn 			= {0018-9162}, 
	issue_date 		= {April 1997}, 
	journal 		= {Computer}, 
	month 			= {apr}, 
	number 			= {4}, 
	numpages 		= {8}, 
	pages 			= {75--82}, 
	publisher 		= {IEEE Computer Society Press}, 
	title 			= {Fault Injection Techniques and Tools}, 
	url 			= {http://dx.doi.org/10.1109/2.585157}, 
	volume 			= {30}, 
	year 			= {1997},
}

@article{Ziade:2004, 
	year 			= {2004},
	added-at 		= {2004-07-29T00:00:00.000+0200}, 
	author 			= {Ziade, Haissam and Ayoubi, Rafic A. and Velazco, Raoul}, 
	biburl 			= {http://www.bibsonomy.org/bibtex/267bbe5c3ad64be4c77dd621b5f06e8f1/dblp}, 
	date 			= {2004-07-29}, 
	description 	= {dblp}, 
	ee 				= {http://www.iajit.org/ABSTRACTS-2.htm#04}, 
	journal 		= {Int. Arab J. Inf. Technol.}, 
	keywords 		= {dblp}, 
	number 			= {2}, 
	pages 			= {171-186}, 
	timestamp 		= {2004-07-29T00:00:00.000+0200}, 
	title 			= {A Survey on Fault Injection Techniques}.
}

@article{Arlat:1990, 
	author 			= {J. Arlat and M. Aguera and L. Amat and Y. Crouzet and J.-C. Fabre and J.-C. Laprie and E. Martins and D. Powell}, 
	title 			= {Fault Injection for Dependability Validation: A Methodology and Some Applications}, 
	journal 		= {IEEE Transactions on Software Engineering}, 
	volume 			= {16}, 
	number 			= {2}, 
	issn 			= {0098-5589}, 
	year 			= {1990}, 
	pages 			= {166-182}, 
	doi 			= {http://doi.ieeecomputersociety.org/10.1109/32.44380}, 
	publisher 		= {IEEE Computer Society}, 
	address 		= {Los Alamitos, CA, USA},
}

@article{Huang:2005, 
	author 			= {Bing Huang and Xiaojun Li and Ming Li and Joseph Bernstein and Carol Smidts}, 
	title 			= {Study of the Impact of Hardware Fault on Software Reliability}, 
	journal 		= {2013 IEEE 24th International Symposium on (ISSRE)}, 
	volume 			= {0}, 
	issn 			= {1071-9458}, 
	year 			= {2005}, 
	pages 			= {63-72}, 
	doi 			= {http://doi.ieeecomputersociety.org/10.1109/ISSRE.2005.39}, 
	publisher 		= {IEEE Computer Society}, 
	address 		= {Los Alamitos, CA, USA},
}

@article{Johnson:1984, 
	author 			= {Johnson, B.W.}, 
	journal			= {Micro, IEEE}, 
	title 			= {Fault-Tolerant Microprocessor-Based Systems}, 
	year 			= {1984}, 
	month 			= {dec}, 
	volume 			= {4}, 
	number 			= {6}, 
	pages 			= {6-21}, 
	doi 			= {10.1109/MM.1984.291277}, 
	ISSN 			= {0272-1732},
}

@article{Karnik:2004, 
	author 			= {Karnik, Tanay and Hazucha, Peter and Patel, Jagdish}, 
	title 			= {Characterization of Soft Errors Caused by Single Event Upsets in CMOS Processes}, 
	journal 		= {IEEE Trans. Dependable Secur. Comput.}, 
	issue_date 		= {April 2004}, 
	volume 			= {1}, 
	number 			= {2}, 
	month 			= {apr}, 
	year 			= {2004}, 
	issn 			= {1545-5971}, 
	pages 			= {128--143}, 
	numpages 		= {16}, 
	url 			= {http://dx.doi.org/10.1109/TDSC.2004.14}, 
	doi 			= {10.1109/TDSC.2004.14}, 
	acmid 			= {1032595}, 
	publisher 		= {IEEE Computer Society Press}, 
	address 		= {Los Alamitos, CA, USA}, 
}

@article{Koblitz:2000, 
	author 			= {Koblitz, Neal and Menezes, Alfred and Vanstone, Scott}, 
	title 			= {The State of Elliptic Curve Cryptography}, 
	journal 		= {Des. Codes Cryptography}, 
	issue_date 		= {March 2000}, 
	volume 			= {19}, 
	number 			= {2-3}, 
	month 			= {mar}, 
	year 			= {2000}, 
	issn 			= {0925-1022}, 
	pages 			= {173--193}, 
	numpages 		= {21}, 
	url 			= {http://dx.doi.org/10.1023/A:1008354106356}, 
	doi 			= {10.1023/A:1008354106356}, 
	acmid 			= {343485}, 
	publisher 		= {Kluwer Academic Publishers}, 
	address 		= {Norwell, MA, USA}, 
	keywords 		= {Elliptic curves, public-key cryptography},
}

@article{Laprie:1985, 
	author 			= {Jean Claude Laprie}, 
	journal 		= {Annual International Symposium on Fault Tolerant Computing}, 
	month 			= {jun}, 
	pages 			= {2-11}, 
	publisher 		= {IEEE}, 
	timestamp 		= {2012.11.02}, 
	title 			= {Dependable computing and fault-tolerance: concepts and terminology.}, 
	volume 			= {15}, 
	year 			= {1985},
}

@article{Laprie:1990, 
	address 		= {Los Alamitos, CA, USA}, 
	author 			= {Laprie, Jean-Claude and B{\'e}ounes, Christian and Kanoun, Karama}, 
	issue_date 		= {July 1990}, 
	journal 		= {Computer}, 
	month 			= {jul}, 
	number 			= {7}, 
	numpages 		= {13}, 
	pages 			= {39--51}, 
	publisher		= {IEEE Computer Society Press}, 
	title 			= {Definition and Analysis of Hardware- and Software-Fault-Tolerant Architectures}, 
	volume 			= {23}, 
	year 			= {1990},
}

@article{Leventhal:2009, 
	author			= {Leventhal, Adam}, 
	title 			= {Triple-Parity RAID and Beyond}, 
	journal 		= {Queue}, 
	issue_date 		= {December 2009}, 
	volume 			= {7}, 
	number 			= {11}, 
	month 			= {dec}, 
	year 			= {2009}, 
	issn 			= {1542-7730}, 
	pages 			= {30:30--30:39}, 
	articleno 		= {30}, 
	numpages 		= {10}, 
	url 			= {http://doi.acm.org/10.1145/1661785.1670144}, 
	doi 			= {10.1145/1661785.1670144}, 
	acmid 			= {1670144}, 
	publisher 		= {ACM}, 
	address 		= {New York, NY, USA},
}

@article{Nelson:1990, 
	address			= {Los Alamitos, CA, USA}, 
	author 			= {Nelson, Victor P.}, 
	issue_date 		= {July 1990}, 
	journal 		= {Computer}, 
	month 			= {jul}, 
	numpages 		= {7}, 
	pages 			= {19--25}, 
	publisher 		= {IEEE Computer Society Press}, 
	timestamp 		= {2012.11.02}, 
	title 			= {Fault-Tolerant Computing: Fundamental Concepts}, 
	volume 			= {23}, 
	year 			= {1990},
}

@article{Natella:2013, 
	author 			= {Roberto Natella and Domenico Cotroneo and Joao A. Duraes and Henrique S. Madeira}, 
	title 			= {On Fault Representativeness of Software Fault Injection}, 
	journal 		= {IEEE Transactions on Software Engineering}, 
	volume 			= {39}, 
	number 			= {1}, 
	issn 			= {0098-5589}, 
	year 			= {2013}, 
	pages 			= {80-96}, 
	doi 			= {http://doi.ieeecomputersociety.org/10.1109/TSE.2011.124}, 
	publisher 		= {IEEE Computer Society}, 
	address 		= {Los Alamitos, CA, USA},
}

@article{Nutella:2013, 
	author 			= {Roberto Natella and Domenico Cotroneo and Joao A. Duraes and Henrique S. Madeira}, 
	title 			= {On Fault Representativeness of Software Fault Injection}, 
	journal 		= {IEEE Transactions on Software Engineering}, 
	volume 			= {39}, 
	number 			= {1}, 
	issn 			= {0098-5589}, 
	year 			= {2013}, 
	pages 			= {80-96}, 
	doi 			= {http://doi.ieeecomputersociety.org/10.1109/TSE.2011.124}, 
	publisher 		= {IEEE Computer Society}, 
	address 		= {Los Alamitos, CA, USA},
}

@article{Neumann:1956, 
	author 			= {von Neumann, John}, 
	title 			= {Probabilistic Logics and the Synthesis of Reliable Organisms from Unreliable Components}, 
	year 			= {1956}, 
	editor 			= {Shannon, C.}, 
	journal 		= {Automata Studies}, 
	pages 			= {43--98}, 
}

@article{Pham:2013, 
	author 			= {Pham, Hung-Manh and Pillement, Sebastien and Piestrak, Stanislaw}, 
	title 			= {Low-Overhead Fault-Tolerance Technique for a Dynamically Reconfigurable Softcore Processor}, 
	journal 		= {IEEE Trans. Comput.}, 
	issue_date 		= {June 2013}, 
	volume 			= {62}, 
	number 			= {6}, 
	month 			= {jun}, 
	year 			= {2013}, 
	issn 			= {0018-9340}, 
	pages 			= {1179--1192}, 
	numpages 		= {14}, 
	url 			= {http://dx.doi.org/10.1109/TC.2012.55}, 
	doi 			= {10.1109/TC.2012.55}, 
	acmid 			= {2498469}, 
	publisher 		= {IEEE Computer Society}, 
	address 		= {Washington, DC, USA}, 
}

@article{Romanovsky:2000, 
	author 			= {Romanovsky, Alexander}, 
	title 			= {Diversely designed classes for use by multiple tasks}, 
	journal 		= {Ada Lett.}, 
	issue_date 		= {March 2000}, 
	volume 			= {XX}, 
	number 			= {1}, 
	month 			= {mar}, 
	year 			= {2000}, 
	issn 			= {1094-3641}, 
	pages 			= {25--37}, 
	numpages 		= {13}, 
	url 			= {http://doi.acm.org/10.1145/568965.568966}, 
	doi 			= {10.1145/568965.568966}, 
	acmid 			= {568966}, 
	publisher 		= {ACM}, 
	address 		= {New York, NY, USA},
	keywords 		= {Ada, N-version programming, object-orientation, re-use, software design diversity},
}

@article{Singh:1990, 
	address 		= {Los Alamitos, CA, USA}, 
	author 			= {Singh, Adit D. and Murugesan, Singaravel}, 
	issue_date 		= {July 1990}, 
	journal 		= {Computer}, 
	month 			= {jul}, 
	numpages 		= {3}, 
	pages 			= {15--17}, 
	publisher 		= {IEEE Computer Society Press}, 
	timestamp 		= {2012.11.02}, 
	title 			= {Fault-Tolerant Systems}, 
	volume 			= {23}, 
	year 			= {1990},
}

@article{Somani:1997, 
	address 		= {Los Alamitos, CA, USA}, 
	author 			= {Somani, Arun K. and Vaidya, Nitin H.}, 
	issn 			= {0018-9162}, 
	issue_date 		= {April 1997}, 
	journal 		= {Computer}, 
	month 			= {apr}, 
	number 			= {4}, 
	numpages 		= {6}, 
	pages 			= {45--50}, 
	publisher 		= {IEEE Computer Society Press}, 
	title 			= {Understanding Fault Tolerance and Reliability}, 
	volume 			= {30}, 
	year 			= {1997},
}

@article{Xception:2004, 
	added-at 		= {2004-10-14T00:00:00.000+0200}, 
	author 			= {Carreira, Joao and Madeira, Henrique and Silva, João Gabriel}, 
	date 			= {2004-10-14}, 
	description 	= {dblp}, 
	journal 		= {IEEE Trans. Software Eng.}, 
	keywords 		= {dblp}, 
	number 			= {2}, 
	pages 			= {125-136}, 
	title 			= {Xception: A Technique for the Experimental Evaluation of Dependability in Modern Computers.}, 
	volume 			= {24}, 
	year 			= {1998},
}

@article{Wallmark:1962, 
	author 			= {Wallmark, J.T. and Marcus, S. M.}, 
	journal 		= {Proceedings of the IRE}, 
	title 			= {Minimum Size and Maximum Packing Density of Nonredundant Semiconductor Devices}, 
	year 			= {1962}, 
	month 			= {March}, 
	volume 			= {50}, 
	number 			= {3}, 
	pages 			= {286-298}, 
	doi 			= {10.1109/JRPROC.1962.288321}, 
	ISSN 			= {0096-8390},
}

----------------------------------------------------------------------------------------------------
@article{Avizienis:1985, 
	author 			= {Avizienis, A.}, 
	title 			= {The N-Version Approach to Fault-Tolerant Software}, 
	journal 		= {IEEE Trans. Softw. Eng.}, 
	issue_date 		= {December 1985}, 
	volume 			= {11}, 
	number 			= {12}, 
	month 			= {dec}, 
	year 			= {1985}, 
	issn 			= {0098-5589}, 
	pages 			= {1491--1501}, 
	numpages 		= {11}, 
	url 			= {http://dx.doi.org/10.1109/TSE.1985.231893}, 
	doi 			= {10.1109/TSE.1985.231893}, 
	acmid 			= {1314064}, 
	publisher 		= {IEEE Press}, 
	address 		= {Piscataway, NJ, USA},
} 
====================================================================================================

====================================================================================================
 Inproceedings (artigos nos anais de uma conferência)
----------------------------------------------------------------------------------------------------
@inproceedings{Amendola:1996, 
	author 			= {Amendola, AM. and Benso, A and Corno, F. and Impagliazzo, L. and Marmo, P. and Prinetto, P. and Rebaudengo, M. and Reorda, M.S.}, 
	booktitle 		= {Design Automation Conference, 1996, with EURO-VHDL '96 and Exhibition, Proceedings EURO-DAC '96, European}, 
	title 			= {Fault behavior observation of a microprocessor system through a VHDL simulation-based fault injection experiment}, 
	year 			= {1996}, 
	month 			= {Sep}, 
	pages 			= {536-541}, 
	doi 			= {10.1109/EURDAC.1996.558255},
}

@inproceedings{Kumar:1993, 
	author 			= {Goswami, K.K. and Iyer, R.K.}, 
	booktitle 		= {Fault-Tolerant Computing, 1993. FTCS-23. Digest of Papers., The Twenty-Third International Symposium on}, 
	title 			= {Simulation of software behavior under hardware faults}, 
	year 			= {1993}, 
	month 			= {June}, 
	pages 			= {218-227}, 
	doi 			= {10.1109/FTCS.1993.627325}, 
	ISSN 			= {0731-3071},
}
@inproceedings{Goswami:1993, 
	author={Goswami, K.K. and Iyer, R.K.}, 
	booktitle={Fault-Tolerant Computing, 1993. FTCS-23. Digest of Papers., The Twenty-Third International Symposium on}, 
	title={Simulation of software behavior under hardware faults}, 
	year={1993}, 
	month={June}, 
	pages={218-227}, 
	keywords={software fault tolerance;Gaussian elimination programs;Tandem Integrity S2 system;application program;application specific dependability analysis;application-dependent parameters;graph model;hardware faults;memory scrubbing;ramp memory access patterns;simulation-based software-model;software behaviour simulation;software model;Analytical models;Application software;Availability;Computational modeling;Delay;Hardware;NASA;Random access memory;Software reliability;Software systems}, 
	doi={10.1109/FTCS.1993.627325}, 
	ISSN={0731-3071},
}

@inproceedings{Laprie:1995:CaT, 
	author 			= {Laprie, J.-C.}, 
	booktitle 		= {Fault-Tolerant Computing, 1995, Highlights from Twenty-Five Years., Twenty-Fifth International Symposium on}, 
	title 			= {Dependable Computing and Fault Tolerance: Concepts and Terminology}, 
	year 			= {1995}, 
	month 			= {jun}, 
	pages 			= {2-}, 
	doi 			= {10.1109/FTCSH.1995.532603},
}

@inproceedings{Laprie:1995, 
	author 			= {Laprie, Jean-Claude}, 
	title 			= {Dependable Computing: Concepts, Limits, Challenges}, 
	booktitle 		= {Proceedings of the Twenty-Fifth International Conference on Fault-tolerant Computing}, 
	series 			= {FTCS'95}, 
	year 			= {1995}, 
	isbn 			= {0-8186-7146-7}, 
	location 		= {Pasadena, California}, 
	pages 			= {42--54}, 
	numpages 		= {13}, 
	url 			= {http://dl.acm.org/citation.cfm?id=1899254.1899261}, 
	acmid 			= {1899261}, 
	publisher 		= {IEEE Computer Society}, 
	address 		= {Washington, DC, USA},
} 

@inproceedings{DeSousa:1977, 
	acmid 			= {1499548}, 
	address 		= {New York, NY, USA}, 
	author 			= {DeSousa, P. T. and Mathur, F. P.}, 
	booktitle 		= {Proceedings of the June 13-16, 1977, national computer conference}, 
	doi 			= {10.1145/1499402.1499548}, 
	location 		= {Dallas, Texas}, 
	numpages 		= {6}, 
	pages 			= {801--806}, 
	publisher 		= {ACM}, 
	series 			= {AFIPS '77}, 
	title 			= {Modular redundancy without voters decreases complexity of restoring organ}, 
	url 			= {http://doi.acm.org/10.1145/1499402.1499548}, 
	year 			= {1977},
}

@inproceedings{Dubrova:2008, 
	author = {Dubrova, Elena}, 
	title = {Self-Organization for Fault-Tolerance}, 
	booktitle = {Proceedings of the 3rd International Workshop on Self-Organizing Systems}, 
	series = {IWSOS '08}, 
	year = {2008}, 
	isbn = {978-3-540-92156-1}, 
	location = {Vienna, Austria}, 
	pages = {145--156}, 
	numpages = {12}, 
	url = {http://dx.doi.org/10.1007/978-3-540-92157-8_13}, 
	doi = {10.1007/978-3-540-92157-8_13}, 
	acmid = {1485771}, 
	publisher = {Springer-Verlag}, 
	address = {Berlin, Heidelberg},
}

@inproceedings{Gil:1998, 
	author 			= {Gil, D. and Baraza, J.-C. and Busquets, J. V. and Gil, P.}, 
	booktitle 		= {Euromicro Conference, 1998. Proceedings. 24th}, 
	title 			= {Fault injection into VHDL models: analysis of the error syndrome of a microcomputer system}, 
	year 			= {1998}, 
	month 			= {Aug}, 
	volume 			= {1}, 
	pages 			= {418-425 vol.1}, 
	doi 			= {10.1109/EURMIC.1998.711835}, 
	ISSN 			= {1089-6503},
}

@inproceedings{GOOFI:2001, 
	author 			= {Aidemark, J. and Vinter, J. and Folkesson, P. and Karlsson, J.}, 
	booktitle 		= {Dependable Systems and Networks, 2001. DSN 2001. International Conference on}, 
	title 			= {GOOFI: generic object-oriented fault injection tool}, 
	year 			= {2001}, 
	month 			= {July}, 
	pages 			= {83-88}, 
	doi 			= {10.1109/DSN.2001.941394},
}

@inproceedings{NFTAPE:2000, 
	author 			= {Stott, D.T. and Floering, B. and Burke, D. and Kalbarczpk, Z. and Iyer, R.K.}, 
	booktitle 		= {Computer Performance and Dependability Symposium, 2000. IPDS 2000. Proceedings. IEEE International}, title 			= {NFTAPE: a framework for assessing dependability in distributed systems with lightweight fault injectors}, 
	year 			= {2000}, 
	pages 			= {91-100}, 
	doi 			= {10.1109/IPDS.2000.839467}, 
	ISSN 			= {1087-2191},
}

@inproceedings{Salewski:2007, 
	address 		= {Washington, DC, USA}, 
	author 			= {Salewski, Falk and Taylor, Adam}, 
	booktitle 		= {Proceedings of the 10th Euromicro Conference on Digital System Design Architectures, Methods and Tools}, 
	isbn 			= {0-7695-2978-X}, 
	numpages 		= {8}, 
	pages 			= {124--131}, 
	publisher 		= {IEEE Computer Society}, 
	series 			= {DSD '07}, 
	title 			= {Fault Handling in FPGAs and Microcontrollers in Safety-Critical Embedded Applications: A Comparative Survey}, 
	year 			= {2007},
}

@inproceedings{Velazco:2000, 
	author 			= {Velazco, R. and Rezgui, S.}, 
	title 			= {Transient Bitflip Injection in Microprocessor Embedded Applications}, 
	booktitle 		= {Proceedings of the 6th IEEE International On-Line Testing Workshop (IOLTW)}, 
	series 			= {IOLTW '00}, 
	year 			= {2000}, 
	isbn 			= {0-7695-0646-1}, 
	pages 			= {80--}, 
	url 			= {http://dl.acm.org/citation.cfm?id=850960.854325}, 
	acmid 			= {854325}, 
	publisher 		= {IEEE Computer Society}, 
	address 		= {Washington, DC, USA},
}

@inproceedings{Kruger:2013, 
	author 			= {Kruger, K. and Iaione, F.}, 
	booktitle 		= {IEEE International Conference}, 
	numpages 		= {6}, 
	publisher 		= {High Performance Computing and Communications \& Embedded and Ubiquitous Computing}, 
	pages 			= {1652--1657}, 
	title 			= {Development of a fault injection system to test a weather station based on rapid prototyping platform}, 
	year 			= {2013},
}
====================================================================================================

====================================================================================================
Eletrônicas
----------------------------------------------------------------------------------------------------
@electronic{mbed:Handbook,
	author 			= {mbed},
	owner 			= {Kleber},
	timestamp 		= {2014.07.15},
	url 			= {<http://mbed.org/handbook/mbed-NXP-LPC1768>},
	note 			= {Acesso em: 15/07/2014},
	note 			= {$<$http://mbed.org/handbook/mbed-NXP-LPC1768>$>$. Acesso em: 15/07/2014.},
}

@misc{mbed, 
	author 			= {Mbed}, 
	url 			= {https://mbed.org/}, 
	key 			= {mbed}, 
	note 			= {Disponível em: $<$https://mbed.org/$>$. Acesso em: 15/07/2014},
}

@misc{TeraTerm, 
	author         	= {TeraTerm}, 
	url           	= {http://en.sourceforge.jp/projects/ttssh2/},  
	key           	= {TeraTerm},
	note 			= {Disponível em: $<$http://en.sourceforge.jp/projects/ttssh2/$>$. Acesso em: 15/07/2014},
}
====================================================================================================

====================================================================================================
Dissertações de Mestrado
----------------------------------------------------------------------------------------------------
@mastersthesis{Sotoma:1997, 
	address 		= {Porto Alegre}, 
	author 			= {Sotoma, I.}, 
	school 			= {UFRGS}, 
	title 			= {AFIDS - Arquitetura para Injeção de Falhas em Sistemas Distribuídos}, 
	year 			= {1997},
}

@mastersthesis{Lopes:2005, 
	address 		= {Porto Alegre}, 
	author 			= {Lopes, D. C.}, 
	school 			= {PUCRGS}, 
	title 			= {Estimação da Robustez de Sistemas Eletrônicos via Injeção de Interferência Eletromagnética}, 
	year 			= {2005},
}
====================================================================================================

====================================================================================================
Teses de Doutorado
----------------------------------------------------------------------------------------------------
@phdthesis{Secall:2007, 
	address 		= {São Paulo}, 
	author 			= {Wilson Sbornian}, 
	school 			= {Escola Politécnica da Universidade de São Paulo}, 
	title 			= {Avaliação comparativa do impacto do emprego de programação defensiva na segurança de sistemas críticos}, 
	year 			= {2007},
}
====================================================================================================

================================================================================================================================

@inproceedings{Dubrova:2007,
	address              = {Department of Microelectronics and Information Technology Royal Institute of Technology Stockholm, Sweden},
	author               = {Dubrova, Elena},
	publisher            = {Stockholm, Sweden: Kluwer Academic Publishers},
	title                = {Fault Tolerant Design: An Introduction},
	year                 = {2007},
}

@inproceedings{NFTATE:2000,
	author = {David T. Stott and Benjamin Floering and Daniel Burke and Zbigniew Kalbarczyk and Ravishankar K. Iyer},
	title = {NFTAPE: A Framework for Assessing Dependability in Distributed Systems with Lightweight Fault Injectors},
	booktitle = {In Proceedings of the IEEE International Computer Performance and Dependability Symposium},
	year = {2000},
	pages = {91--100}
}

@inproceedings{Folkesson:1998,
	author = {Peter Folkesson and Sven Svensson and Johan Karlsson},
	title = {A Comparison of Simulation Based and Scan Chain Implemented Fault Injection},
	booktitle = {in Proc. 28th Int. Symp. on Fault-Tolerant Computing (FTCS-28},
	year = {1998},
	pages = {284--293},
	publisher = {IEEE CS Press}
}

@periodical{Iaione:1999,
	author               = {Iaione, Fábio and Lima, Daniel Galvan de and Gassen, Flávio Renato},
	timestamp            = {2012.11.02},
	title                = {Equipamento para coleta de dados e previsão de doenças na lavoura},
	year                 = {1999},
}

@techreport{Caralho:2006,
	address              = {Porto Alegre: SBC},
	author               = {Carvalho, A.},
	institution          = {SBC - Sociedade Brasileira de Computação},
	journal              = {Relatório sobre o Seminário realizado em 8 e 9 de maio de 2006},
	organization         = {SBC - Sociedade Brasileira de Computação},
	timestamp            = {2012.11.02},
	title                = {Grandes Desafios da Pesquisa em Computação no Brasil de 2006 - 2016},
	url                  = {<http://www.sbc.org.br>. Disponível em: 25 ago 2013.},
	year                 = {2006},
}

@misc{Carvalho:2006,
	author               = {Carvalho, A.},
	note 				= {Grandes Desafios da Pesquisa em Computação no Brasil - 2006 – 2016: Relatório sobre o Seminário realizado em 8 e 9 de maio de 2006. Porto Alegre: SBC, 2006. Disponível em: $<$http://www.sbc.org.br$>$, Acesso em: 01/05/2010.}
}


@misc{Chen:1993,
	author = {Chen, Peter M and Lee, Edward K and Gibson, Garth A. and Katz, Randy H. and Patterson, David A.},
	title = {RAID: High-Performance, Reliable Secondary Storage},
	year = {1993},
	source = {http://www.ncstrl.org:8900/ncstrl/servlet/search?formname=detail\&id=oai%3Ancstrlh%3Aucb%3AUCB%2F%2FCSD-93-778},
	publisher = {University of California at Berkeley},
	address = {Berkeley, CA, USA},
}

@misc{Weber:2002, 
	author 				= {Weber, Taisy Silva}, 
	title 				= {Um roteiro para exploração dos conceitos básicos de tolerância a falhas},
	year 				= {2002},
	howpublished 		= {Publicação online}, 
	url 				= {http://www.inf.ufrgs.br/~taisy/disciplinas/textos/Dependabilidade.pdf},
	note 				= {Acesso em: 15/07/2014},
	institution 		= {Instituto de Informática – UFRGS}, 
	address 			= {Porto Alegre}, 
	numpages 			= {62},
	school 				= {Instituto de Informática – UFRGS},
}

@incollection {Weber:2003,
	title 				= {Tolerância a falhas: conceitos e exemplos},
	author 				= {Weber, Taisy Silva},
	booktitle 			= {Intech Brasil},
	year 				= {2003},
	volume 				= {52},
	pages 				= {32--42},
	publisher 			= {Distrito 4 da ISA (The Instrumentation, System and Automation Society)},
	timestamp 			= {2006.01.19},
}

@standard{ISO26262-6:2011_2,
	author = {Int'l Organization for Standardization},
	title = {Product Development: Software Level},
	type = {ISO},
	number = {ISO 26262-6},
	year = {2010}
}

@misc{ISO-26262:2011:ERRADO,
	Key = {ISO 26262-6},
	publisher = {Int'l Organization for Standardization},
	type = {Norm},
	title = {Product Development: Software Level},
	number = {ISO 26262-6},
	year = {2011},
	note = {International Organization for Standardization, “Product de-velopment: software level”, ISO/DIS 26262-6, 2009}
}

@misc{NASA-8719:2004:ERRADO,
	Key = {NASA-GB-8719.13},
	publisher = {NASA Software Safety Guidebook},
	type = {Norm},
	title = {NASA Software Safety Guidebook},
	number = {NASA-GB-8719.13},
	year = {2004},
	note = {NASA Software Safety Guidebook, NASA-GB-8719.13, 2004}
}

@misc{ISO-26262:2011,
	note = {International Organization for Standardization, “Product de-velopment: software level”, ISO/DIS 26262-6, 2009}
}

@misc{NASA-8719:2004,
	note = {NASA Software Safety Guidebook, NASA-GB-8719.13, 2004}
}

@misc{Srinivasan:2003,
	author = {J. Srinivasan, S. V. Adve, P. Bose, J. Rivers, and C.-K. Hu}, 
	title = {RAMP: A Model for Reliability Aware MicroProcessor Design}, 
	institution = {IBM Research Division}, 
	year = {2003},
	type = {}, 
	number = {RC23048 (W0312-122)}, 
	address = {Yorktown Heights, NY}, 
	month = {December}, 
	note = {}, 
	key = {},
}